<?xml version="1.0" encoding="UTF-8"?><collection xmlns="http://www.loc.gov/MARC21/slim"><record><leader>00336nam--2200133-i-4500</leader><controlfield tag="001">000046840</controlfield><controlfield tag="002">20161230</controlfield><controlfield tag="005">20161230201046</controlfield><controlfield tag="008">060222s1000------------r-----000-0-eng-d</controlfield><datafield ind1=" " ind2=" " tag="100"><subfield code="a">Walz, Kurt</subfield></datafield><datafield ind1=" " ind2=" " tag="245"><subfield code="a">Undurchlassiger beton</subfield></datafield><datafield ind1=" " ind2=" " tag="260"><subfield code="a">Berlin, Verlag Von Wilhelm Ernst &amp; Sohn, 1956, 48p</subfield></datafield><datafield ind1=" " ind2=" " tag="490"><subfield code="a">Bautechni-archiv</subfield></datafield><datafield ind1=" " ind2=" " tag="852"><subfield code="a">15426</subfield></datafield></record></collection>